@Article{Vasiliev2022,
  author    = {Vasiliev, Eugene and Belokurov, Vasily and Evans, N. Wyn},
  journal   = {The Astrophysical Journal},
  title     = {Radialization of Satellite Orbits in Galaxy Mergers},
  year      = {2022},
  issn      = {1538-4357},
  month     = feb,
  number    = {2},
  pages     = {203},
  volume    = {926},
  doi       = {10.3847/1538-4357/ac4fbc},
  publisher = {American Astronomical Society},
}

@Book{Binney2011,
  author    = {Binney, James and Tremaine, Scott},
  publisher = {Princeton University Press},
  title     = {Galactic Dynamics: Second Edition},
  year      = {2011},
  isbn      = {9780691130262},
  month     = oct,
  doi       = {10.2307/j.ctvc778ff},
}

@Article{Just2010,
  author    = {Just, A. and Khan, F. M. and Berczik, P. and Ernst, A. and Spurzem, R.},
  journal   = {Monthly Notices of the Royal Astronomical Society},
  title     = {Dynamical friction of massive objects in galactic centres: Dynamical friction of massive objects},
  year      = {2010},
  issn      = {0035-8711},
  month     = oct,
  number    = {1},
  pages     = {653--674},
  volume    = {411},
  doi       = {10.1111/j.1365-2966.2010.17711.x},
  publisher = {Oxford University Press (OUP)},
}

@Comment{jabref-meta: databaseType:bibtex;}
